<?xml version="1.0" encoding="UTF-8"?><collection xmlns="http://www.loc.gov/MARC21/slim"><record><leader>00656nam--2200205-u-4500</leader><controlfield tag="001">000050627</controlfield><controlfield tag="002">20161230</controlfield><controlfield tag="005">20170115232716</controlfield><controlfield tag="008">080225s1000------------r-----000-0-eng-d</controlfield><datafield ind1=" " ind2=" " tag="040"><subfield code="a">IFIN-HH</subfield></datafield><datafield ind1=" " ind2=" " tag="080"><subfield code="a">535.243:543.42</subfield></datafield><datafield ind1="1" ind2=" " tag="100"><subfield code="a">Bialkowski, E. Stephen</subfield></datafield><datafield ind1="1" ind2="0" tag="245"><subfield code="a">Photothermal Spectroscopy Methods for Chemical Analysis</subfield><subfield code="c">Stephen E. Bialkowski</subfield></datafield><datafield ind1=" " ind2=" " tag="260"><subfield code="a">New York</subfield><subfield code="b">John Wiley</subfield><subfield code="c">1996</subfield></datafield><datafield ind1=" " ind2=" " tag="300"><subfield code="a">584 p</subfield></datafield><datafield ind1=" " ind2=" " tag="490"><subfield code="a">A Series of Monographs on Analytical Chemistry and its Applications</subfield><subfield code="v">vol. 134</subfield></datafield><datafield ind1=" " ind2=" " tag="504"><subfield code="a">Includes Bibliographical references</subfield></datafield><datafield ind1=" " ind2="4" tag="650"><subfield code="a">Photothermal Spectroscopy</subfield></datafield><datafield ind1=" " ind2=" " tag="852"><subfield code="a">81939</subfield><subfield code="c">543</subfield></datafield><datafield ind1=" " ind2=" " tag="CAT"><subfield code="a">SYS</subfield><subfield code="c">20170115</subfield><subfield code="h">232716</subfield></datafield></record></collection>